<?xml version="1.0" encoding="UTF-8"?><collection xmlns="http://www.loc.gov/MARC21/slim"><record><leader>00472nam--2200157-i-4500</leader><controlfield tag="001">000005258</controlfield><controlfield tag="002">20161230</controlfield><controlfield tag="005">20170209163011</controlfield><controlfield tag="008">060222s1000------------r-----000-0-eng-d</controlfield><datafield ind1=" " ind2=" " tag="100"><subfield code="a">Adda, Yves</subfield></datafield><datafield ind1=" " ind2=" " tag="245"><subfield code="a">Methode simple pour etudier la diffusion entre deux metaux dont l un est volatil et peu soluble dans l autre</subfield></datafield><datafield ind1=" " ind2=" " tag="260"><subfield code="a">Saclay</subfield><subfield code="b">Centre D Etudes Nucleaires</subfield><subfield code="c">1960</subfield></datafield><datafield ind1=" " ind2=" " tag="300"><subfield code="a">7 p</subfield></datafield><datafield ind1=" " ind2=" " tag="490"><subfield code="a">Rapport Cea</subfield><subfield code="v">1390</subfield></datafield><datafield ind1=" " ind2=" " tag="852"><subfield code="a">13455</subfield></datafield><datafield ind1=" " ind2=" " tag="CAT"><subfield code="a">SYS</subfield><subfield code="c">20170209</subfield><subfield code="h">163011</subfield></datafield></record></collection>